@string{ai    = "Acta Inf."}
@string{aaecc = "AAECC"}
@string{fi    = "Fundamenta Informaticae"}
@string{ic    = "IC"}
@string{ipl   = "IPL"}
@string{jar   = "JAR"}
@string{jsc   = "JSC"}
@string{jfp   = "JFP"}
@string{cc    = "CC"}
@string{lnai  = "LNAI"}
@string{lncs  = "LNCS"}
@string{mscs = "MSCS"}
@string{tcs   = "TCS"}
@string{lmcs  = "LMCS"}
@string{apal   = "APAL"}
@string{entcs = "ENTCS"}
@string{eptcs = "EPTCS"}
@STRING{arch = "ARCH"}
@string{springer = "Springer Verlag"}
@string{lipics = "LIPIcs"}
@string{toplas = "TOPLAS"}
@string{tocl = "TOCL"}
@string{cttcs = "Cambridge Tracks in Theoretical Computer Science"}

% 2015

@inproceedings{icfp2015_gadts,
  title  = {{GADTs Meet their Match: pattern-matching warnings that account for GADTs, guards, and laziness}},
  author = {George Karachalias and Tom Schrijvers and Dimitrios Vytiniotis and Simon Peyton Jones},
  year   = 2015,
  booktitle = {ICFP 2015},
  url = {/Research/papers/icfp2015.pdf}
}

% 2014

@misc{Bright:2014:Online,
author = {Bright, Walter},
title = {{So You Want To Write Your Own Language?}},
month = Jan,
year = 2014,
url = {http://www.drdobbs.com/architecture-and-design/so-you-want-to-write-your-own-language/240165488}
}


@misc{gentle_hacs,
  author       = "Kristoffer H. Rose",
  year         = 2016,
  title        = {{Introduction to Compiler Generation Using HACS}},
  howpublished = "\url{http://www.twosigma.com/uploads/hacs-3-3-2016.pdf}",
  note         = "[Online, March 2, 2016]"
}

@book{Gosling:2014:JLS:2462622,
 author = {Gosling, James and Joy, Bill and Steele,Jr., Guy L. and Bracha, Gilad and Buckley, Alex},
 title = {The Java Language Specification, Java SE 8 Edition},
 year = {2014},
 edition = {1st},
 publisher = {Addison-Wesley Professional},
} 

@inproceedings{Parr:2014:ALP:2660193.2660202,
 author = {Parr, Terence and Harwell, Sam and Fisher, Kathleen},
 title = {{Adaptive LL(*) Parsing: The Power of Dynamic Analysis}},
 booktitle = {Proc.\ OOPSLA '14},
 year = 2014,
 location = {Portland, Oregon, USA},
 pages = {579--598},
 numpages = 20,
 publisher = {ACM}
} 
 
% 2013

@book{Parr:2013:DAR:2501720,
 author = {Parr, Terence},
 title = {The Definitive ANTLR 4 Reference},
 year = {2013},
 edition = {2nd},
 publisher = {Pragmatic Bookshelf}
} 


% 2011

@InProceedings{2011_rose,
  author    = {Kristoffer H. Rose},
  title     = {{CRSX---Combinatory Reduction Systems with Extensions}},
  booktitle = {Proc.\ 22nd RTA},
  pages     = {81--90},
  year      = 2011,
  volume    = 10,
  publisher = lipics
}



% 2010

@inproceedings{2010_rose,
  author    = {K.H.~Rose},
  title     = {{Higher-order Rewriting for Executable Compiler Specifications}},
  booktitle = {Proc.\ 5th HOR},
  pages     = {31--45},
  year      = 2010,
  series    = eptcs,
  volume    = 49
}


@article{2010_kats_et_al,
 author = {Kats, Lennart C.L. and Visser, Eelco},
 title = {The Spoofax Language Workbench: Rules for Declarative Specification of Languages and IDEs},
 journal = {SIGPLAN Not.},
 issue_date = {October 2010},
 volume = {45},
 number = {10},
 month = oct,
 year = {2010},
 pages = {444--463},
 numpages = {20},
 publisher = {ACM}
} 


% 2009

@inproceedings{2009_klint_et_al,
  author = {Klint, Paul and van der Storm, Tijs and Vinju, Jurgen J.},
  booktitle = {SCAM},
  keywords = {dblp},
  pages = {168-177},
  publisher = {IEEE Computer Society},
  title = {RASCAL: A Domain Specific Language for Source Code Analysis and Manipulation},
  year = 2009
}

% 2008

@article{2008_bravenboer_et_al,
title = "Stratego/XT 0.17. A language and toolset for program transformation ",
journal = "Science of Computer Programming ",
volume = "72",
number = "1–2",
pages = "52 - 70",
year = "2008",
author = "Martin Bravenboer and Karl Trygve Kalleberg and Rob Vermaas and Eelco Visser"
}


% 2002


@book{2002_nipkow_et_al,
  author    = "T.~Nipkow and {L.C.}~Paulson and M.~Wenzel",
  title     = "Isabelle/HOL -- A Proof Assistant for Higher-Order Logic",
  series    = lncs,
  publisher = "Springer",
  volume    = 2283,
  year      = 2002
}


% 2003 

@incollection{2003_van_raamsdonk,
 author    = "Femke van Raamsdonk",
 title     = "Higher-order Rewriting",
 chapter   = 11,
 pages     = "588--667",
 booktitle = "Term Rewriting Systems",
 editor    = "Terese",
 series    = cttcs,
 volume    = 55,
 publisher = "Cambridge University Press",
 year      = 2003
}

@TECHREPORT{Cheney03first-classphantom,
    author = {James Cheney and Ralf Hinze},
    title = {First-class phantom types},
    institution = {},
    year = {2003}
}
@MISC{Xi03guardedrecursive,
    author = {Hongwei Xi and Chiyan Chen and Gang Chen},
    title = {Guarded Recursive Datatype Constructors},
    year = {2003}
}


% 1990
@inproceedings{1990_kennaway,
author="Kennaway, Richard",
editor="Jones, Neil",
title="The specificity rule for lazy pattern-matching in ambiguous term rewrite systems",
booktitle="ESOP '90: 3rd European Symposium on Programming Copenhagen, Denmark",
year="1990",
publisher="Springer Berlin Heidelberg",
pages="256--270"
}

% 1985
@INPROCEEDINGS{Johnsson85lambdalifting:,
    author = {Thomas Johnsson},
    title = {Lambda Lifting: Transforming Programs to Recursive Equations},
    booktitle = {Conf. on Func. Prog. Languages and Computer Architecture.},
    year = {1985},
    pages = {190--203},
    publisher = {Springer-Verlag}
}

% 1983

@article{1993_klop_et_al,
  title   = {{Combinatory Reduction Systems: Introduction And Survey}},
  journal = "Theoretical Computer Science",
  volume  = 121,
  number  = "1–2",
  pages   = "279 - 308",
  year    = 1993,
  issn    = "0304-3975",
  author  = "Jan Willem Klop and Vincent van Oostrom and Femke van Raamsdonk"
}


% 1980

@PhdThesis{1980_klop,
  author = 	 {Klop, J.W.},
  title = 	 {{Combinatory Reduction Systems}},
  school = 	 {Utrecht University},
  year = 	 {1980}
}


% 1978

@Misc{1978_aczel,
  author = 	 {Peter Aczel},
  title = 	 {{A General Church-Rosser Theorem}},
  howpublished = {available at
                  \url{http://www.ens-lyon.fr/LIP/REWRITING/MISC/AGeneralChurch-RosserTheorem.pdf}},
  year = 	 {1978}
}


@misc{crsx.org,
  author       = {Kristoffer H. Rose},
  title        = {{CRSX - Combinatory Reduction Systems with Extensions}},
  howpublished = "\url{http://crsx.org/}",
  note         = "[Online]"
}


@misc{hacs.github,
  key = "GitHub",
  title = 	 {{HACS}},
  howpublished = {\url{https://github.com/crsx/hacs}},
  note         = {[Online]}
}

@inproceedings{1993_nipkow,
  author    = "Tobias Nipkow",
  title     = "Functional Unification of Higher-Order Patterns",
  booktitle = "Proc.\ 8th IEEE Symp.\ Logic in Computer Science",
  pages     = "64--74", 
  year      = 1993
}

@article{1998_mayr-nipkow,
author={Richard Mayr and Tobias Nipkow},
title={Higher-Order Rewrite Systems and their Confluence},
journal=TCS,
volume=192,
year=1998,
pages={3--29}
}

@article{2007_maranget,
author = {Maranget, Luc},
title  = {Warnings for pattern matching},
journal = {Journal of Functional Programming},
volume = {17},
issue = {03},
year = {2007},
pages = {387--421},
numpages = {35}
}

@Unpublished{Aczel:78,
  author = 	 {P.~Aczel},
  title = 	 {{A General Church-Rosser Theorem}},
  note = 	 {Draft, Manchester},
  howpublished = {Available at
                  \url{http://www.ens-lyon.fr/LIP/REWRITING/MISC/AGeneralChurch-RosserTheorem.pdf}},
  year = 	 {1978},
}

@article{FF:13,
  author    = {D.~Florescu and
               G.~Fourny},
  title     = {{JSONiq: The History of a Query Language}},
  journal   = {{IEEE} Internet Computing},
  volume    = {17},
  number    = {5},
  pages     = {86--90},
  year      = {2013}
}

@book{Walmsley:07,
  author    = {P.~Walmsley},
  title     = {{XQuery - Search Across a Variety of {XML} data}},
  publisher = {O'Reilly},
  year      = {2007}
}

@Book{AG:98,
  author = 	 {A.~Asperti and S.~Guerrini},
  title = 	 {{The Optimal Implementation of Functional Programming Languages}},
  publisher = 	 {Cambridge University Press},
  year = 	 {1998},
  volume = 	 {45},
  series = 	 cttcs,
}

@article{Goldfarb:81,
  author    = {W.~D.~Goldfarb},
  title     = {{The Undecidability of the Second-Order Unification Problem}},
  journal   = tcs,
  volume    = {13},
  pages     = {225--230},
  year      = {1981}
}

@article{AL:96,
  author    = {A.~Asperti and
               C.~Laneve},
  title     = {{Interaction Systems {II:} The Practice of Optimal Reductions}},
  journal   = tcs,
  volume    = 159,
  number    = 2,
  pages     = {191--244},
  year      = 1996
}

@article{AL:94,
  author    = {A.~Asperti and
               C.~Laneve},
  title     = {{Interaction Systems {I:} The Theory of Optimal Reductions}},
  journal   = mscs,
  volume    = 4,
  number    = 4,
  pages     = {457--504},
  year      = 1994
}

@inproceedings{ISE:14,
  author    = {P.~Inostroza and
               T.~van der Storm and
               S.~Erdweg},
  title     = {{Tracing Program Transformations with String Origins}},
  booktitle = {Proc.\ 7th ICMT},
  pages     = {154--169},
  year      = {2014},
  series    = lncs,
  volume    = 8568
}

@inproceedings{ADM:2015,
author    = {M.~Avanzini and U.~Dal Lago and G.~Moser},
title     = {Analysing the Complexity of Functional Programs: Higher-Order Meets First-Order},
booktitle = {Proc.\ 20th ICFP},
pages     = {152--164},
year      = {2015}
}

@article{HL:78,
  author    = {G.~Huet and
               B.~Lang},
  title     = {{Proving and Applying Program Transformations Expressed with Second-Order
               Patterns}},
  journal   = ai,
  volume    = {11},
  pages     = {31--55},
  year      = {1978},
  doi       = {10.1007/BF00264598},
}
